%%%%%%%%%%%%%%%%%%%%%%%%%%%%%%%%%%%%%%%%%%%%%%%%%%%%%%%%%%%%%%%%%%%%%%%%%%%%%%%%

@ARTICLE{ramsey,
  author = {F. P. Ramsey},
  title = {{On a Problem of Formal Logic}},
  journal = {Proceedings of The London Mathematical Society},
  volume = {s2-30},
  year = {1930},
  pages = {264--286},
  issue = {1}
}

%%%%%%%%%%%%%%%%%%%%%%%%%%%%%%%%%%%%%%%%%%%%%%%%%%%%%%%%%%%%%%%%%%%%%%%%%%%%%%%%

@BOOK{graham,
  title={Ramsey Theory},
  author={Graham, R.L. and Rothschild, B.L. and Spencer, J.H.},
  series={A Wiley-Interscience Publication},
  year={1990},
  publisher={Wiley},
  edition={Second}
}

%%%%%%%%%%%%%%%%%%%%%%%%%%%%%%%%%%%%%%%%%%%%%%%%%%%%%%%%%%%%%%%%%%%%%%%%%%%%%%%%

@BOOK{nesetril,
  title={Mathematics of Ramsey Theory},
  author={Nesetril, J. and R{\"o}dl, V.},
  series={Algorithms and Combinatorics},
  year={2012},
  publisher={Springer Berlin Heidelberg}
}

%%%%%%%%%%%%%%%%%%%%%%%%%%%%%%%%%%%%%%%%%%%%%%%%%%%%%%%%%%%%%%%%%%%%%%%%%%%%%%%%

@BOOK{alon,
  address = {New York},
  author = {{Alon, Noga} and {Spencer, Joel H.}},
  publisher = {Wiley},
  title = {The Probabilistic Method},
  year = 2016,
  edition = {Fourth}
}


%%%%%%%%%%%%%%%%%%%%%%%%%%%%%%%%%%%%%%%%%%%%%%%%%%%%%%%%%%%%%%%%%%%%%%%%%%%%%%%%

@BOOK{graham_rudiments,
  title={Rudiments of Ramsey Theory},
  author={Graham, R.L. and Sciences, C.B.M.},
  number={no. 45},
  series={Conference Board of the Mathematical Sciences regional conference series in mathematics},
  year={1981},
  publisher={Conference Board of the Mathematical Sciences}
}

%%%%%%%%%%%%%%%%%%%%%%%%%%%%%%%%%%%%%%%%%%%%%%%%%%%%%%%%%%%%%%%%%%%%%%%%%%%%%%%%

@BOOK{bollobas,
  title={Modern Graph Theory},
  author={Bollobas, B.},
  series={Graduate Texts in Mathematics},
  year={2013},
  publisher={Springer New York}
}

%%%%%%%%%%%%%%%%%%%%%%%%%%%%%%%%%%%%%%%%%%%%%%%%%%%%%%%%%%%%%%%%%%%%%%%%%%%%%%%%

@BOOK{bondy,
  title={Graph Theory},
  author={Bondy, A. and Murty, U.S.R.},
  series={Graduate Texts in Mathematics},
  year={2011},
  publisher={Springer London}
}

%%%%%%%%%%%%%%%%%%%%%%%%%%%%%%%%%%%%%%%%%%%%%%%%%%%%%%%%%%%%%%%%%%%%%%%%%%%%%%%%

@BOOK{diestel,
  title={Graph Theory: Springer Graduate Text GTM 173},
  author={Diestel, R.},
  series={Springer Graduate Texts in Mathematics (GTM)},
  year={2012},
  publisher={Springer-Verlag}
}

%%%%%%%%%%%%%%%%%%%%%%%%%%%%%%%%%%%%%%%%%%%%%%%%%%%%%%%%%%%%%%%%%%%%%%%%%%%%%%%%

@BOOK{barryjames,
  title = "Probabilidade: um curso em nível intermediário",
  author = "Barry R. James",
  series = "Projeto Euclides",
  year = 2009
}

%%%%%%%%%%%%%%%%%%%%%%%%%%%%%%%%%%%%%%%%%%%%%%%%%%%%%%%%%%%%%%%%%%%%%%%%%%%%%%%%

@ARTICLE{wilf,
  author = {Herbert S. Wilf},
  journal = {The American Mathematical Monthly},
  number = {8},
  pages = {704-707},
  publisher = {Mathematical Association of America},
  title = {The Editor's Corner: The White Screen Problem},
  volume = {96},
  year = {1989}
}

%%%%%%%%%%%%%%%%%%%%%%%%%%%%%%%%%%%%%%%%%%%%%%%%%%%%%%%%%%%%%%%%%%%%%%%%%%%%%%%%

@ARTICLE{matthews,
  author = "Matthews, Peter",
  fjournal = "The Annals of Probability",
  journal = "Ann. Probab.",
  month = "07",
  number = "3",
  pages = "1215--1228",
  publisher = "The Institute of Mathematical Statistics",
  title = "Covering Problems for Markov Chains",
  volume = "16",
  year = "1988"
}

%%%%%%%%%%%%%%%%%%%%%%%%%%%%%%%%%%%%%%%%%%%%%%%%%%%%%%%%%%%%%%%%%%%%%%%%%%%%%%%%

@ARTICLE{polya,
  year={1921},
  journal={Mathematische Annalen},
  volume={84},
  number={1-2},
  title={Über eine Aufgabe der Wahrscheinlichkeitsrechnung betreffend die Irrfahrt im Straßennetz},
  publisher={Springer-Verlag},
  author={Pólya, Georg},
  pages={149-160},
  language={German}
}

%%%%%%%%%%%%%%%%%%%%%%%%%%%%%%%%%%%%%%%%%%%%%%%%%%%%%%%%%%%%%%%%%%%%%%%%%%%%%%%%

@ARTICLE{zeitouni,
  author = {Amir Dembo and Yuval Peres and Jay Rosen and Ofer Zeitouni},
  journal = {Annals of Mathematics},
  number = {2},
  pages = {433-464},
  publisher = {Annals of Mathematics},
  title = {Cover Times for Brownian Motion and Random Walks in Two Dimensions},
  volume = {160},
  year = {2004}
}

%%%%%%%%%%%%%%%%%%%%%%%%%%%%%%%%%%%%%%%%%%%%%%%%%%%%%%%%%%%%%%%%%%%%%%%%%%%%%%%%

@ARTICLE{popovaugusto,
  title={Soft local times and decoupling of random interlacements},
  author={Popov, Serguei and Teixeira, Augusto},
  journal={Journal of the European Mathematical Society},
  volume={17},
  number={10},
  pages={2545--2593},
  year={2015}
}

%%%%%%%%%%%%%%%%%%%%%%%%%%%%%%%%%%%%%%%%%%%%%%%%%%%%%%%%%%%%%%%%%%%%%%%%%%%%%%%%

@book{resnick2,
  title = "Extreme values, regular variation and point processes",
  author = "Resnick, Sidney I.",
  series = "Springer series in operations research and financial engineering",
  publisher = "Springer",
  address = "New York",
  year = 2008
}

%%%%%%%%%%%%%%%%%%%%%%%%%%%%%%%%%%%%%%%%%%%%%%%%%%%%%%%%%%%%%%%%%%%%%%%%%%%%%%%%

@INPROCEEDINGS{alonmany,
  author = {Alon, Noga and Avin, Chen and Koucky, Michal and Kozma, Gady and Lotker, Zvi and Tuttle, Mark R.},
  title = {Many Random Walks Are Faster Than One},
  series = {SPAA '08},
  year = {2008},
  booktitle = {Proceedings of the Twentieth Annual Symposium on Parallelism in Algorithms and Architectures},
  location = {Munich, Germany},
  pages = {119--128},
  numpages = {10},
  publisher = {ACM},
  address = {New York, NY, USA}
}

%%%%%%%%%%%%%%%%%%%%%%%%%%%%%%%%%%%%%%%%%%%%%%%%%%%%%%%%%%%%%%%%%%%%%%%%%%%%%%%%
