%%%%%%%%%%%%%%%%%%%%%%%%%%%%%%%%%%%%%%%%%%%%%%%%%%%%%%%%%%%%%%%%%%%%%%%%%%%%%%%%

@article{allen2013ramsey,
  title={Ramsey-goodness—and otherwise},
  author={Allen, Peter and Brightwell, Graham and Skokan, Jozef},
  journal={Combinatorica},
  volume={33},
  number={2},
  pages={125--160},
  year={2013},
  publisher={Springer}
}

%%%%%%%%%%%%%%%%%%%%%%%%%%%%%%%%%%%%%%%%%%%%%%%%%%%%%%%%%%%%%%%%%%%%%%%%%%%%%%%%

@article{pontiveros2014ramsey,
  title={The Ramsey number of the clique and the hypercube},
  author={Pontiveros, Gonzalo Fiz and Griffiths, Simon and Morris, Robert and Saxton, David and Skokan, Jozef},
  journal={Journal of the London Mathematical Society},
  pages={jdu004},
  year={2014},
  publisher={Oxford University Press}
}

%%%%%%%%%%%%%%%%%%%%%%%%%%%%%%%%%%%%%%%%%%%%%%%%%%%%%%%%%%%%%%%%%%%%%%%%%%%%%%%%

@article{brandty1996expanding,
  title={Expanding graphs and Ramsey numbers},
  author={Brandty, Stephan},
  year={1996},
  publisher={Citeseer}
}

%%%%%%%%%%%%%%%%%%%%%%%%%%%%%%%%%%%%%%%%%%%%%%%%%%%%%%%%%%%%%%%%%%%%%%%%%%%%%%%%

@article{burr1983generalizations,
  title={Generalizations of a Ramsey-theoretic result of chv{\'a}tal},
  author={Burr, Stefan A and Erd{\"o}s, Paul},
  journal={Journal of Graph Theory},
  volume={7},
  number={1},
  pages={39--51},
  year={1983},
  publisher={Wiley Online Library}
}

%%%%%%%%%%%%%%%%%%%%%%%%%%%%%%%%%%%%%%%%%%%%%%%%%%%%%%%%%%%%%%%%%%%%%%%%%%%%%%%%

@article{chvatal1977tree,
  title={Tree-complete graph ramsey numbers},
  author={Chv{\'a}tal, Vasek},
  journal={Journal of Graph Theory},
  volume={1},
  number={1},
  pages={93--93},
  year={1977},
  publisher={Wiley Online Library}
}

%%%%%%%%%%%%%%%%%%%%%%%%%%%%%%%%%%%%%%%%%%%%%%%%%%%%%%%%%%%%%%%%%%%%%%%%%%%%%%%%

@article{faudree1974path,
  title={Path-cycle Ramsey numbers},
  author={Faudree, RJ and Lawrence, SL and Parsons, TD and Schelp, RH},
  journal={Discrete Mathematics},
  volume={10},
  number={2},
  pages={269--277},
  year={1974},
  publisher={Elsevier}
}

%%%%%%%%%%%%%%%%%%%%%%%%%%%%%%%%%%%%%%%%%%%%%%%%%%%%%%%%%%%%%%%%%%%%%%%%%%%%%%%%

@article{karolyi2001generalized,
  title={Generalized and geometric Ramsey numbers for cycles},
  author={K{\'a}rolyi, Gyula and Rosta, Vera},
  journal={Theoretical Computer Science},
  volume={263},
  number={1},
  pages={87--98},
  year={2001},
  publisher={Elsevier}
}

%%%%%%%%%%%%%%%%%%%%%%%%%%%%%%%%%%%%%%%%%%%%%%%%%%%%%%%%%%%%%%%%%%%%%%%%%%%%%%%%

@article{faudree1974all,
  title={All Ramsey numbers for cycles in graphs},
  author={Faudree, RJ and Schelp, RH},
  journal={Discrete Mathematics},
  volume={8},
  number={4},
  pages={313--329},
  year={1974},
  publisher={Elsevier}
}

%%%%%%%%%%%%%%%%%%%%%%%%%%%%%%%%%%%%%%%%%%%%%%%%%%%%%%%%%%%%%%%%%%%%%%%%%%%%%%%%

@article{rosta1973ramsey,
  title={On a Ramsey-type problem of JA Bondy and P. Erd{\"o}s. I},
  author={Rosta, Vera},
  journal={Journal of Combinatorial Theory, Series B},
  volume={15},
  number={1},
  pages={94--104},
  year={1973},
  publisher={Elsevier}
}

%%%%%%%%%%%%%%%%%%%%%%%%%%%%%%%%%%%%%%%%%%%%%%%%%%%%%%%%%%%%%%%%%%%%%%%%%%%%%%%%

@article{chvatal1972generalized,
  title={Generalized Ramsey theory for graphs. II. Small diagonal numbers},
  author={Chv{\'a}tal, V{\'a}clav and Harary, Frank},
  journal={Proceedings of the American Mathematical Society},
  volume={32},
  number={2},
  pages={389--394},
  year={1972}
}

%%%%%%%%%%%%%%%%%%%%%%%%%%%%%%%%%%%%%%%%%%%%%%%%%%%%%%%%%%%%%%%%%%%%%%%%%%%%%%%%

@article{gyarfas2007three,
  title={Three-color Ramsey numbers for paths},
  author={Gy{\'a}rf{\'a}s, Andr{\'a}s and Ruszink{\'o}, Mikl{\'o}s and S{\'a}rk{\"o}zy, G{\'a}bor N and Szemer{\'e}di, Endre},
  journal={Combinatorica},
  volume={27},
  number={1},
  pages={35--69},
  year={2007},
  publisher={Springer}
}

%%%%%%%%%%%%%%%%%%%%%%%%%%%%%%%%%%%%%%%%%%%%%%%%%%%%%%%%%%%%%%%%%%%%%%%%%%%%%%%%

@article{lortz2002ramsey,
  title={On the Ramsey numbers $r({K}_{2,n-1}, {K}_{2,n})$ and $r({K}_{2,n}, {K}_{2, n})$},
  author={Lortz, Roland and Mengersen, Ingrid},
  journal={Utilitas Mathematica},
  volume={61},
  pages={87--95},
  year={2002}
}

%%%%%%%%%%%%%%%%%%%%%%%%%%%%%%%%%%%%%%%%%%%%%%%%%%%%%%%%%%%%%%%%%%%%%%%%%%%%%%%%

@incollection{exoo,
  title={On Ramsey Number of ${K}_{2,n}$},
  author={G. Exoo and H. Harborth and I. Mengersen},
  booktitle={Graph Theory, Combinatorics, Algorithms, and Applications},
  pages={207--211},
  year={1989},
  publisher={SIAM Philadelphia}
}

%%%%%%%%%%%%%%%%%%%%%%%%%%%%%%%%%%%%%%%%%%%%%%%%%%%%%%%%%%%%%%%%%%%%%%%%%%%%%%%%

@article{szele1943kombinatorikai,
  title={Kombinatorikai vizsgálatok az irányitott teljes gráffal kapcsolatban},
  author={Szele, Tibor},
  journal={Mat. Fiz. Lapok},
  volume={50},
  number={1943},
  pages={223--256},
  year={1943}
}

%%%%%%%%%%%%%%%%%%%%%%%%%%%%%%%%%%%%%%%%%%%%%%%%%%%%%%%%%%%%%%%%%%%%%%%%%%%%%%%%

@book{spencer2014asymptopia,
  title={Asymptopia},
  author={Spencer, Joel},
  series={Student Mathematical Library},
  volume={71},
  year={2014},
  publisher={American Mathematical Soc.}
}

%%%%%%%%%%%%%%%%%%%%%%%%%%%%%%%%%%%%%%%%%%%%%%%%%%%%%%%%%%%%%%%%%%%%%%%%%%%%%%%%

@misc{rolla,
  author = {Leonardo T. Rolla},
  title = {Introdução à Probabilidade, Notas de Aula},
  month = {Abril},
  year = {2016},
  publisher = {Instituto de Matemática Pura e Aplicada}
}

%%%%%%%%%%%%%%%%%%%%%%%%%%%%%%%%%%%%%%%%%%%%%%%%%%%%%%%%%%%%%%%%%%%%%%%%%%%%%%%%

@article{gerencser1967ramsey,
  title={On Ramsey-type problems},
  author={Gerencs{\'e}r, L and Gy{\'a}rf{\'a}s, A},
  journal={Ann. Univ. Sci. Budapest. E{\"o}tv{\"o}s Sect. Math},
  volume={10},
  pages={167--170},
  year={1967}
}

%%%%%%%%%%%%%%%%%%%%%%%%%%%%%%%%%%%%%%%%%%%%%%%%%%%%%%%%%%%%%%%%%%%%%%%%%%%%%%%%

@article{burr1973ramsey,
  title={On Ramsey numbers for stars},
  author={Burr, Stefan A and Roberts, John A},
  journal={Utilitas Math},
  volume={4},
  pages={217--220},
  year={1973}
}

%%%%%%%%%%%%%%%%%%%%%%%%%%%%%%%%%%%%%%%%%%%%%%%%%%%%%%%%%%%%%%%%%%%%%%%%%%%%%%%%

@incollection{harary,
  title={Recent results on generalized Ramsey theory for graphs},
  author={Harary, Frank},
  booktitle={Graph Theory and Applications},
  pages={125--138},
  year={1972},
  publisher={Springer}
}

%%%%%%%%%%%%%%%%%%%%%%%%%%%%%%%%%%%%%%%%%%%%%%%%%%%%%%%%%%%%%%%%%%%%%%%%%%%%%%%%

@article{fettes2004upper,
  title={An Upper bound of 62 on the classical Ramsey number (3, 3, 3, 3)},
  author={Fettes, Susan and Kramer, Richard and Radziszowski, Stanislaw},
  journal={The Charles Babbage Research Centre: Ars Combinatoria},
  volume={72},
  year={2004}
}

%%%%%%%%%%%%%%%%%%%%%%%%%%%%%%%%%%%%%%%%%%%%%%%%%%%%%%%%%%%%%%%%%%%%%%%%%%%%%%%%

@article{chung1973ramsey,
  title={On the ramsey numbers N (3, 3,… 3; 2)},
  author={Chung, Fan Rong K},
  journal={Discrete Mathematics},
  volume={5},
  number={4},
  pages={317--321},
  year={1973},
  publisher={Elsevier}
}

%%%%%%%%%%%%%%%%%%%%%%%%%%%%%%%%%%%%%%%%%%%%%%%%%%%%%%%%%%%%%%%%%%%%%%%%%%%%%%%%

@article{chung1983survey,
  title={A survey of bounds for classical Ramsey numbers},
  author={Chung, FRK and Grinstead, Charles M},
  journal={Journal of Graph Theory},
  volume={7},
  number={1},
  pages={25--37},
  year={1983},
  publisher={Wiley Online Library}
}

%%%%%%%%%%%%%%%%%%%%%%%%%%%%%%%%%%%%%%%%%%%%%%%%%%%%%%%%%%%%%%%%%%%%%%%%%%%%%%%%

@article{small_ramsey,
  title={Small ramsey numbers},
  author={Radziszowski, Stanis{\l}aw P and others},
  journal={Electron. J. Combin},
  volume={1},
  number={7},
  year={1994}
}

%%%%%%%%%%%%%%%%%%%%%%%%%%%%%%%%%%%%%%%%%%%%%%%%%%%%%%%%%%%%%%%%%%%%%%%%%%%%%%%%

@article{sun,
  title={An Easy Proof of the Greenwood-Gleason Evaluation of the Ramsey Number $R(3,3,3)$},
  author={Sun, Hugo S and Cohen, ME},
  year={1984},
  publisher={Citeseer}
}

%%%%%%%%%%%%%%%%%%%%%%%%%%%%%%%%%%%%%%%%%%%%%%%%%%%%%%%%%%%%%%%%%%%%%%%%%%%%%%%%

@ARTICLE{plinio,
  title={Introdução à Teoria dos Números},
  author={José Plínio de Oliveira Santos},
  series={Coleção Matemática Universitáira},
  year={2009},
  publisher={IMPA}
}

%%%%%%%%%%%%%%%%%%%%%%%%%%%%%%%%%%%%%%%%%%%%%%%%%%%%%%%%%%%%%%%%%%%%%%%%%%%%%%%%

@article{erdos_szekeres35,
  title={A combinatorial problem in geometry},
  author={Erdös, Paul and Szekeres, George},
  journal={Compositio Mathematica},
  volume={2},
  pages={463--470},
  year={1935}
}

%%%%%%%%%%%%%%%%%%%%%%%%%%%%%%%%%%%%%%%%%%%%%%%%%%%%%%%%%%%%%%%%%%%%%%%%%%%%%%%%

@ARTICLE{erdos47,
  author = "Erdös, P.",
  fjournal = "Bulletin of the American Mathematical Society",
  journal = "Bull. Amer. Math. Soc.",
  month = "04",
  number = "4",
  pages = "292--294",
  publisher = "American Mathematical Society",
  title = "Some remarks on the theory of graphs",
  url = "http://projecteuclid.org/euclid.bams/1183510596",
  volume = "53",
  year = "1947"
}

%%%%%%%%%%%%%%%%%%%%%%%%%%%%%%%%%%%%%%%%%%%%%%%%%%%%%%%%%%%%%%%%%%%%%%%%%%%%%%%%

@ARTICLE{putnam,
  author = {L. E. Bush},
  journal = {The American Mathematical Monthly},
  number = {8},
  pages = {539-542},
  publisher = {Mathematical Association of America},
  title = {The William Lowell Putnam Mathematical Competition},
  volume = {60},
  year = {1953}
}

%%%%%%%%%%%%%%%%%%%%%%%%%%%%%%%%%%%%%%%%%%%%%%%%%%%%%%%%%%%%%%%%%%%%%%%%%%%%%%%%

@ARTICLE{greenwood,
  title={Combinatorial relations and chromatic graphs},
  author={Greenwood, Robert E and Gleason, Andrew Mattei},
  journal={Canad. J. Math},
  volume={7},
  number={1},
  pages={7},
  year={1955}
}

%%%%%%%%%%%%%%%%%%%%%%%%%%%%%%%%%%%%%%%%%%%%%%%%%%%%%%%%%%%%%%%%%%%%%%%%%%%%%%%%

@article {rad45,
  author = {McKay, Brendan D. and Radziszowski, Stanislaw P.},
  title = {R(4, 5) = 25},
  journal = {Journal of Graph Theory},
  volume = {19},
  number = {3},
  publisher = {Wiley Subscription Services, Inc., A Wiley Company},
  issn = {1097-0118},
  url = {http://dx.doi.org/10.1002/jgt.3190190304},
  doi = {10.1002/jgt.3190190304},
  pages = {309--322},
  year = {1995},
}

%%%%%%%%%%%%%%%%%%%%%%%%%%%%%%%%%%%%%%%%%%%%%%%%%%%%%%%%%%%%%%%%%%%%%%%%%%%%%%%%

@article{conlon,
  title={A new upper bound for diagonal Ramsey numbers},
  author={Conlon, David},
  journal={Annals of Mathematics},
  pages={941--960},
  year={2009},
  publisher={JSTOR}
}

%%%%%%%%%%%%%%%%%%%%%%%%%%%%%%%%%%%%%%%%%%%%%%%%%%%%%%%%%%%%%%%%%%%%%%%%%%%%%%%%

@ARTICLE{ramsey,
  author = {F. P. Ramsey},
  title = {{On a Problem of Formal Logic}},
  journal = {Proceedings of The London Mathematical Society},
  volume = {s2-30},
  year = {1930},
  pages = {264--286},
  issue = {1}
}

%%%%%%%%%%%%%%%%%%%%%%%%%%%%%%%%%%%%%%%%%%%%%%%%%%%%%%%%%%%%%%%%%%%%%%%%%%%%%%%%

@BOOK{graham,
  title={Ramsey Theory},
  author={Graham, R.L. and Rothschild, B.L. and Spencer, J.H.},
  series={A Wiley-Interscience Publication},
  year={1990},
  publisher={Wiley},
  edition={Second}
}

%%%%%%%%%%%%%%%%%%%%%%%%%%%%%%%%%%%%%%%%%%%%%%%%%%%%%%%%%%%%%%%%%%%%%%%%%%%%%%%%

@BOOK{nesetril,
  title={Mathematics of Ramsey Theory},
  author={Nesetril, J. and R{\"o}dl, V.},
  series={Algorithms and Combinatorics},
  year={2012},
  publisher={Springer Berlin Heidelberg}
}

%%%%%%%%%%%%%%%%%%%%%%%%%%%%%%%%%%%%%%%%%%%%%%%%%%%%%%%%%%%%%%%%%%%%%%%%%%%%%%%%

@BOOK{alon,
  address = {New York},
  author = {{Alon, Noga} and {Spencer, Joel H.}},
  publisher = {Wiley},
  title = {The Probabilistic Method},
  year = 2016,
  edition = {Fourth}
}


%%%%%%%%%%%%%%%%%%%%%%%%%%%%%%%%%%%%%%%%%%%%%%%%%%%%%%%%%%%%%%%%%%%%%%%%%%%%%%%%

@BOOK{graham_rudiments,
  title={Rudiments of Ramsey Theory},
  author={Graham, R.L. and Sciences, C.B.M.},
  number={no. 45},
  series={Conference Board of the Mathematical Sciences regional conference series in mathematics},
  year={1981},
  publisher={Conference Board of the Mathematical Sciences}
}

%%%%%%%%%%%%%%%%%%%%%%%%%%%%%%%%%%%%%%%%%%%%%%%%%%%%%%%%%%%%%%%%%%%%%%%%%%%%%%%%

@BOOK{bollobas,
  title={Modern Graph Theory},
  author={Bollobas, B.},
  series={Graduate Texts in Mathematics},
  year={2013},
  publisher={Springer New York}
}

%%%%%%%%%%%%%%%%%%%%%%%%%%%%%%%%%%%%%%%%%%%%%%%%%%%%%%%%%%%%%%%%%%%%%%%%%%%%%%%%

@BOOK{bondy,
  title={Graph Theory},
  author={Bondy, A. and Murty, U.S.R.},
  series={Graduate Texts in Mathematics},
  year={2011},
  publisher={Springer London}
}

%%%%%%%%%%%%%%%%%%%%%%%%%%%%%%%%%%%%%%%%%%%%%%%%%%%%%%%%%%%%%%%%%%%%%%%%%%%%%%%%

@BOOK{diestel,
  title={Graph Theory: Springer Graduate Text GTM 173},
  author={Diestel, R.},
  series={Springer Graduate Texts in Mathematics (GTM)},
  year={2012},
  publisher={Springer-Verlag}
}

%%%%%%%%%%%%%%%%%%%%%%%%%%%%%%%%%%%%%%%%%%%%%%%%%%%%%%%%%%%%%%%%%%%%%%%%%%%%%%%%

@BOOK{barryjames,
  title = "Probabilidade: um curso em nível intermediário",
  author = "Barry R. James",
  series = "Projeto Euclides",
  year = 2009,
  publisher = {Instituto de Matemática Pura e Aplicada}
}

%%%%%%%%%%%%%%%%%%%%%%%%%%%%%%%%%%%%%%%%%%%%%%%%%%%%%%%%%%%%%%%%%%%%%%%%%%%%%%%%

@ARTICLE{wilf,
  author = {Herbert S. Wilf},
  journal = {The American Mathematical Monthly},
  number = {8},
  pages = {704-707},
  publisher = {Mathematical Association of America},
  title = {The Editor's Corner: The White Screen Problem},
  volume = {96},
  year = {1989}
}

%%%%%%%%%%%%%%%%%%%%%%%%%%%%%%%%%%%%%%%%%%%%%%%%%%%%%%%%%%%%%%%%%%%%%%%%%%%%%%%%

@ARTICLE{matthews,
  author = "Matthews, Peter",
  fjournal = "The Annals of Probability",
  journal = "Ann. Probab.",
  month = "07",
  number = "3",
  pages = "1215--1228",
  publisher = "The Institute of Mathematical Statistics",
  title = "Covering Problems for Markov Chains",
  volume = "16",
  year = "1988"
}

%%%%%%%%%%%%%%%%%%%%%%%%%%%%%%%%%%%%%%%%%%%%%%%%%%%%%%%%%%%%%%%%%%%%%%%%%%%%%%%%

@ARTICLE{polya,
  year={1921},
  journal={Mathematische Annalen},
  volume={84},
  number={1-2},
  title={Über eine Aufgabe der Wahrscheinlichkeitsrechnung betreffend die Irrfahrt im Straßennetz},
  publisher={Springer-Verlag},
  author={Pólya, Georg},
  pages={149-160},
  language={German}
}

%%%%%%%%%%%%%%%%%%%%%%%%%%%%%%%%%%%%%%%%%%%%%%%%%%%%%%%%%%%%%%%%%%%%%%%%%%%%%%%%

@ARTICLE{zeitouni,
  author = {Amir Dembo and Yuval Peres and Jay Rosen and Ofer Zeitouni},
  journal = {Annals of Mathematics},
  number = {2},
  pages = {433-464},
  publisher = {Annals of Mathematics},
  title = {Cover Times for Brownian Motion and Random Walks in Two Dimensions},
  volume = {160},
  year = {2004}
}

%%%%%%%%%%%%%%%%%%%%%%%%%%%%%%%%%%%%%%%%%%%%%%%%%%%%%%%%%%%%%%%%%%%%%%%%%%%%%%%%

@ARTICLE{popovaugusto,
  title={Soft local times and decoupling of random interlacements},
  author={Popov, Serguei and Teixeira, Augusto},
  journal={Journal of the European Mathematical Society},
  volume={17},
  number={10},
  pages={2545--2593},
  year={2015}
}

%%%%%%%%%%%%%%%%%%%%%%%%%%%%%%%%%%%%%%%%%%%%%%%%%%%%%%%%%%%%%%%%%%%%%%%%%%%%%%%%

@book{resnick2,
  title = "Extreme values, regular variation and point processes",
  author = "Resnick, Sidney I.",
  series = "Springer series in operations research and financial engineering",
  publisher = "Springer",
  address = "New York",
  year = 2008
}

%%%%%%%%%%%%%%%%%%%%%%%%%%%%%%%%%%%%%%%%%%%%%%%%%%%%%%%%%%%%%%%%%%%%%%%%%%%%%%%%

@INPROCEEDINGS{alonmany,
  author = {Alon, Noga and Avin, Chen and Koucky, Michal and Kozma, Gady and Lotker, Zvi and Tuttle, Mark R.},
  title = {Many Random Walks Are Faster Than One},
  series = {SPAA '08},
  year = {2008},
  booktitle = {Proceedings of the Twentieth Annual Symposium on Parallelism in Algorithms and Architectures},
  location = {Munich, Germany},
  pages = {119--128},
  numpages = {10},
  publisher = {ACM},
  address = {New York, NY, USA}
}

%%%%%%%%%%%%%%%%%%%%%%%%%%%%%%%%%%%%%%%%%%%%%%%%%%%%%%%%%%%%%%%%%%%%%%%%%%%%%%%%
